@misc{DUMMY1,
    title={A dummy reference}
}

@misc{DUMMY2,
    title={Another dummy reference}
}
